@misc{CSP,
  title = {{Secretary problem}},
  howpublished={\url{https://en.wikipedia.org/wiki/Secretary_problem}}
};
@misc{IEEEPrediction,
  howpublished={\url{http://www.ieee.org/about/news/2012/5september_2_2012.html}}
};
@misc{DSRC,
  title = {{Dedicated Short Range Communications (DSRC) Home}},
  howpublished={\url{https://web.archive.org/web/20121119140100/http://www.leearmstrong.com/Dsrc/DSRCHomeset.htm}}
};
@misc{MLE,
  title = {{Maximum likelihood estimation}},
  howpublished={\url{https://en.wikipedia.org/wiki/Maximum_likelihood_estimation}}
};
@misc{Bernoulli,
  title = {{Bernoulli process}},
  howpublished={\url{https://en.wikipedia.org/wiki/Bernoulli_process}}
};
@misc{howfardrive,
  title = {{This Handy Chart Tells You How Many Miles You Can Drive on Empty}},
  howpublished={\url{https://www.roadandtrack.com/car-culture/a30762/how-far-drive-empty-gas/}}
};
@techreport{Vahdat00,
  title={Epidemic routing for partially connected ad hoc networks},
  author={A. Vahdat and D. Becker},
  year={2000},
  institution={Department of Computer Science, Duke University}
};
@inproceedings{Erramilli08,
  title={Delegation forwarding},
  author={V. Erramilli and M. Crovella and A. Chaintreau and C. Diot},
  booktitle={ACM MobiHoc},
  year={2008},
};

@article{Gilbert1966,
  title={{Recognizing the Maximum of a Sequence}},
  author={J. P. Gilbert and F. Mosteller},
  journal={Journal of the American Statistical Association},
  volume = {61},
  number = {313},
  pages = {35--73},
  year={1966}
};

@article{Bowerman2000,
  title={{The vision of a smart city}},
  author={B. Bowerman and J. Braverman and J. Taylor et al.},
  journal={2nd international life},
  year={2000}
};


@article{Alam2016,
  title={{Introduction to Intelligent Transportation Systems}},
  author={T. S. Ferguson},
  journal={{Intelligent Transportation Systems: Dependable Vehicular Communications for Improved Road Safety}},
  pages = {1--17},
  year={2016}
};

@article{Tseng2015,
  title={{LTE-advanced enhancement for vehicular communication}},
  author={Y.-L. Tseng},
  journal={{IEEE Wireless Commun.}},
  volume = {22},
  number = {6},
  pages = {4--7},
  year={2015}
};

@article{Ferguson1989,
  title={{Who solved the secretary problem?}},
  author={T. S. Ferguson},
  journal={Statistical Science},
  volume = {4},
  number = {3},
  pages = {282--296},
  year={1989}
};

@article{Samuels1992,
  title={{Secretary problems as a source of benchmark bounds}},
  author={ S. Samuels},
  journal={Stochastic inequalities},
  pages = {371--387},
  year={1992}
};


@book{Grimmett1986,
  title={{Probability-An Introduction}},
  author={G. Grimmett},
  publisher = {Oxford University Press},
  year = {1986}
};


@misc{comScore,
    title = {{comScore Releases January 2014 U.S. Online Video Rankings}},
    howpublished = {\url{https://www.comscore.com/Insights/Press-Releases/2014/2/comScore-Releases}\\
    \url{-January-2014-US-Online-Video-Rankings}}
}

@article{Abbasi2018,
  title={{A Review of Vehicle to Vehicle Communication Protocols for VANETs in the Urban Environment}},
  author={I. A. Abbasi and K. Shahid},
  journal={Future Internet},
  volume = {10},
  number = {14},
  year={2018}
};

@inproceedings{Demba2018,
  title={Vehicle-to-Vehicle Communication Technology},
  author={A. Demba and D. P. F. Möller},
  booktitle={IEEE International Conference on Electro/Information Technology (EIT)},
  pages = {0459--0464},
  year={2018}
};

@article{Silva2018,
  title={{Broadening Understanding on
Managing the Communication Infrastructure in Vehicular Networks: Customizing the Coverage Using the Delta Network}},
  author={C. M. Silva and L. D. Silva and L. A. L. Santos and J. F. M. Sarubbi and A. Pitsillides},
  journal={Future Internet},
  volume = {11},
  number = {1},
  year={2018}
};

@inproceedings{Noh2015,
  title={Toward highly automated driving by vehicle-to-infrastructure communications},
  author={S. Noh and K. An and W. Han},
  booktitle={International Conference on Control, Automation and Systems (ICCAS)},
  pages = {2016–-2021},
  year={2015}
};

@inproceedings{Corchero2018,
  title={Vehicle-to-Everything (V2X): Benefits and Barriers},
  author={C. Corchero and M. Sanmarti},
  booktitle={International Conference on the European Energy Market (EEM)},
  pages = {1–-4},
  year={2018}
};

@article{Bian2018,
  title={{Toward Secure Crowd Sensing in Vehicle-to-Everything Networks}},
  author={K. Bian and G. Zhang and L. Song},
  journal={ IEEE Network },
  volume = {32},
  issue = {2},
  pages = {126--131},
  year={2018}
};

@inproceedings{Sanjana2017,
  title={Automated anti-collision system for automobiles},
  author={T. Sanjana and K. A. A. Fuad and M. M. Habib and A. A. Rumel},
  booktitle={International Conference on Electrical, Computer and Communication
Engineering (ECCE)},
  pages = {866–-870},
  year={2017}
};

@inproceedings{Zhang2016,
  title={Design and realization of a mobile seamless navigation and positioning system based on Bluetooth technology},
  author={X. Zhang and Q. Zeng and Q. Meng and Z. Xiong and Q. Qian},
  booktitle={IEEE Chinese Guidance, Navigation and Control Conference (CGNCC)},
  pages = {1790–-1793},
  year={2016}
};

@article{Tijerina2016,
  title={{An Exploratory Study of Driver Response to Reduced System Confidence Notifications in Automated Driving}},
  author={L. Tijerina and M. Blommer and R. Curry and R. Swaminathan and D. S. Kochhar and W. Talamonti},
  journal={ IEEE Transactions on Vehicular Technology },
  volume = {1},
  pages = {325–-334},
  year={2016}
};

@article{Liu2018,
  title={{A Distributed Markovian Parking Assist System}},
  author={M. Liu and J. Naoum-Sawaya and Y. Gu and F. Lecue and R. Shorten},
  journal={IEEE Transactions on Intelligent Transportation Systems},
  volume = {99},
  pages = {1–-11},
  year={2018}
};

@inproceedings{Arena2018,
  title={The development of autonomous driving vehicles in tomorrow's smart cities mobility},
  author={F. Arena and D. Ticali},
  booktitle={AIP Conf.},
  year={2018}
};

@article{ferenstein:hal-00602313,
 TITLE = {{No-information secretary problems with cardinal payoffs and Poisson arrivals}},
 AUTHOR = {Ferenstein, Elżbieta Z. and Krasnosielska, Anna},
 URL = {https://hal.archives-ouvertes.fr/hal-00602313},
 JOURNAL = {{Statistics and Probability Letters}},
 PUBLISHER = {{Elsevier}},
 VOLUME = {80},
 NUMBER = {3-4},
 PAGES = {221},
 YEAR = {2009},
 MONTH = Dec,
 DOI = {10.1016/j.spl.2009.10.010},
 KEYWORDS = {Physical Sciences},
 PDF = {https://hal.archives-ouvertes.fr/hal-00602313/file/PEER_stage2_10.1016%252Fj.spl.2009.10.010.pdf},
 HAL_ID = {hal-00602313},
 HAL_VERSION = {v1},
};

@book{McClure,
  title={TensorFlow Machine Learning Cookbook},
  author={McClure, N.},
  isbn={9781786466303},
  url={https://books.google.com/books?id=LVQoDwAAQBAJ},
  year={2017},
  publisher={Packt Publishing}
};